@online{adafruit,
author = {Adafruit},
title = {IR Sensor},
year = {2012},
url = {https://learn.adafruit.com/ir-sensor},

}
